@article{white2018promises,
  title={The promises and pitfalls of 311 data},
  author={White, Ariel and Trump, Kris-Stella},
  journal={Urban affairs review},
  volume={54},
  number={4},
  pages={794--823},
  year={2018},
  publisher={SAGE Publications Sage CA: Los Angeles, CA}
}


@article{minkoff2016nyc,
  title={NYC 311: A tract-level analysis of citizen--government contacting in New York City},
  author={Minkoff, Scott L},
  journal={Urban Affairs Review},
  volume={52},
  number={2},
  pages={211--246},
  year={2016},
  publisher={Sage Publications Sage CA: Los Angeles, CA}
}
